<record><leader>00000cas a22000007a 4500</leader><controlfield tag="001">20995085</controlfield><controlfield tag="008">900202d19041905moudr ne      0    0eng d</controlfield><datafield ind1=" " ind2=" " tag="010"><subfield code="a">sn 90061020 </subfield></datafield><datafield ind1=" " ind2=" " tag="040"><subfield code="a">MQN</subfield><subfield code="b">eng</subfield><subfield code="c">MQN</subfield><subfield code="d">OCLCQ</subfield></datafield><datafield ind1=" " ind2=" " tag="042"><subfield code="a">msc</subfield></datafield><datafield ind1="0" ind2=" " tag="130"><subfield code="a">Daily record (Independence, Mo.)</subfield></datafield><datafield ind1="1" ind2="0" tag="245"><subfield code="a">Daily record.</subfield></datafield><datafield ind1=" " ind2=" " tag="260"><subfield code="a">Independence, Mo. :</subfield><subfield code="b">People's Union Mercantile Co.,</subfield><subfield code="c">1904-</subfield></datafield><datafield ind1=" " ind2=" " tag="300"><subfield code="a">v.</subfield></datafield><datafield ind1=" " ind2=" " tag="310"><subfield code="a">Daily</subfield></datafield><datafield ind1="0" ind2=" " tag="362"><subfield code="a">Vol. 1, no. 1 (Jan. 11, 1904)-</subfield></datafield><datafield ind1="1" ind2=" " tag="362"><subfield code="a">Ceased in 1905?</subfield></datafield><datafield ind1=" " ind2=" " tag="752"><subfield code="a">United States</subfield><subfield code="b">Missouri</subfield><subfield code="c">Jackson</subfield><subfield code="d">Independence.</subfield></datafield><datafield ind1="0" ind2="0" tag="780"><subfield code="t">Letter (Independence, Mo.)</subfield><subfield code="w">(DLC)sn 90061018</subfield></datafield></record>